@book{conway1998book,
  title={The book of numbers},
  author={Conway, John H and Guy, Richard},
  year={1998},
  publisher={Springer Science \& Business Media}
}
@misc{desmos,
title={{Desmos Graphing Calculator} software},
author={Desmos},
note="\url{https://www.desmos.com/}"
}


